@misc{wikipedia_2020, title={List of countries by median age}, url={https://en.wikipedia.org/wiki/List_of_countries_by_median_age}, journal={Wikipedia}, publisher={Wikimedia Foundation}, year={2020}, month={Jul}}
@misc{wikipedia_2020, title={Europe}, url={https://en.wikipedia.org/wiki/Europe}, journal={Wikipedia}, publisher={Wikimedia Foundation}, year={2020}, month={Jul}}